@Manual{R-base,
  title = {R: A Language and Environment for Statistical Computing},
  author = {{R Core Team}},
  organization = {R Foundation for Statistical Computing},
  address = {Vienna, Austria},
  year = {2020},
  url = {https://www.R-project.org/},
}
@Manual{R-crayon,
  title = {crayon: Colored Terminal Output},
  author = {Gábor Csárdi},
  year = {2017},
  note = {R package version 1.3.4},
  url = {https://CRAN.R-project.org/package=crayon},
}
@Manual{R-csvread,
  title = {csvread: Fast Specialized CSV File Loader},
  author = {Sergei Izrailev},
  year = {2018},
  note = {R package version 1.2.1},
  url = {https://CRAN.R-project.org/package=csvread},
}
@Manual{R-data.table,
  title = {data.table: Extension of `data.frame`},
  author = {Matt Dowle and Arun Srinivasan},
  year = {2020},
  note = {R package version 1.13.6},
  url = {https://CRAN.R-project.org/package=data.table},
}
@Manual{R-dplyr,
  title = {dplyr: A Grammar of Data Manipulation},
  author = {Hadley Wickham and Romain François and Lionel Henry and Kirill Müller},
  year = {2021},
  note = {R package version 1.0.3},
  url = {https://CRAN.R-project.org/package=dplyr},
}
@Book{R-ggplot2,
  author = {Hadley Wickham},
  title = {ggplot2: Elegant Graphics for Data Analysis},
  publisher = {Springer-Verlag New York},
  year = {2016},
  isbn = {978-3-319-24277-4},
  url = {https://ggplot2.tidyverse.org},
}
@Manual{R-ggpmisc,
  title = {ggpmisc: Miscellaneous Extensions to 'ggplot2'},
  author = {Pedro J. Aphalo},
  year = {2021},
  note = {R package version 0.3.8-1},
  url = {https://CRAN.R-project.org/package=ggpmisc},
}
@Manual{R-kableExtra,
  title = {kableExtra: Construct Complex Table with 'kable' and Pipe Syntax},
  author = {Hao Zhu},
  year = {2020},
  note = {R package version 1.3.1},
  url = {https://CRAN.R-project.org/package=kableExtra},
}
@Manual{R-papaja,
  author = {Frederik Aust and Marius Barth},
  title = {{papaja}: {Create} {APA} manuscripts with {R Markdown}},
  year = {2020},
  note = {R package version 0.1.0.9997},
  url = {https://github.com/crsh/papaja},
}
@Manual{R-readr,
  title = {readr: Read Rectangular Text Data},
  author = {Hadley Wickham and Jim Hester and Romain Francois},
  year = {2018},
  note = {R package version 1.3.1},
  url = {https://CRAN.R-project.org/package=readr},
}
@Manual{R-tidyr,
  title = {tidyr: Tidy Messy Data},
  author = {Hadley Wickham},
  year = {2020},
  note = {R package version 1.1.2},
  url = {https://CRAN.R-project.org/package=tidyr},
}
@Article{R-tinytex,
  title = {TinyTeX: A lightweight, cross-platform, and easy-to-maintain LaTeX distribution based on TeX Live},
  author = {Yihui Xie},
  journal = {TUGboat},
  year = {2019},
  volumne = {40},
  number = {1},
  pages = {30--32},
  url = {http://tug.org/TUGboat/Contents/contents40-1.html},
}
@Manual{R-tibble,
  title = {tibble: Simple Data Frames},
  author = {Kirill Müller and Hadley Wickham},
  year = {2021},
  note = {R package version 3.0.6},
  url = {https://CRAN.R-project.org/package=tibble},
}
@Manual{R-forcats,
  title = {forcats: Tools for Working with Categorical Variables (Factors)},
  author = {Hadley Wickham},
  year = {2021},
  note = {R package version 0.5.1},
  url = {https://CRAN.R-project.org/package=forcats},
}
@Manual{R-latex2exp,
  title = {latex2exp: Use LaTeX Expressions in Plots},
  author = {Stefano Meschiari},
  year = {2015},
  note = {R package version 0.4.0},
  url = {https://CRAN.R-project.org/package=latex2exp},
}
@Manual{R-latexpdf,
  title = {latexpdf: Convert Tables to PDF or PNG},
  author = {Tim Bergsma},
  year = {2018},
  note = {R package version 0.1.6},
  url = {https://CRAN.R-project.org/package=latexpdf},
}
@Manual{R-pandocfilters,
  title = {pandocfilters: Pandoc Filters for R},
  author = {Florian Schwendinger and Kurt Hornik},
  year = {2019},
  note = {R package version 0.1-4},
  url = {https://CRAN.R-project.org/package=pandocfilters},
}
@Manual{R-purrr,
  title = {purrr: Functional Programming Tools},
  author = {Lionel Henry and Hadley Wickham},
  year = {2020},
  note = {R package version 0.3.4},
  url = {https://CRAN.R-project.org/package=purrr},
}
@Manual{R-stringr,
  title = {stringr: Simple, Consistent Wrappers for Common String Operations},
  author = {Hadley Wickham},
  year = {2019},
  note = {R package version 1.4.0},
  url = {https://CRAN.R-project.org/package=stringr},
}
@Article{R-tidyverse,
  title = {Welcome to the {tidyverse}},
  author = {Hadley Wickham and Mara Averick and Jennifer Bryan and Winston Chang and Lucy D'Agostino McGowan and Romain François and Garrett Grolemund and Alex Hayes and Lionel Henry and Jim Hester and Max Kuhn and Thomas Lin Pedersen and Evan Miller and Stephan Milton Bache and Kirill Müller and Jeroen Ooms and David Robinson and Dana Paige Seidel and Vitalie Spinu and Kohske Takahashi and Davis Vaughan and Claus Wilke and Kara Woo and Hiroaki Yutani},
  year = {2019},
  journal = {Journal of Open Source Software},
  volume = {4},
  number = {43},
  pages = {1686},
  doi = {10.21105/joss.01686},
}
@Manual{R-apaTables,
  title = {apaTables: Create American Psychological Association (APA) Style Tables},
  author = {David Stanley},
  year = {2021},
  note = {R package version 2.0.8},
  url = {https://CRAN.R-project.org/package=apaTables},
}
@Manual{R-pwr,
  title = {pwr: Basic Functions for Power Analysis},
  author = {Stephane Champely},
  year = {2020},
  note = {R package version 1.3-0},
  url = {https://CRAN.R-project.org/package=pwr},
}
